@book{rosen:1,
author = {Kenneth H. Rosen},
title = {Discrete Mathematics and Its Applications},
edition = {7},
year = {2007},
publisher = {The McGraw Hill Companies}
}

@website{Schönhart:2,
author = {Sabrina Schönhart},
title = {History of Algorithms},
url        = {http://cs-exhibitions.uni-klu.ac.at/index.php?id=193}
}

@online{nibib:3,
author    = {National Institute of Biomedical Imaging and Bioengineering (NIBIB)},
title     = {Computational Modeling},
url       = {https://www.nibib.nih.gov/science-education/science-topics/computational-modeling}
}

@online{Skiena:4,
author    = {Steven S. Skiena},
title     = {The RAM Model of Computation},
year = {1997},
url       = {https://www8.cs.umu.se/kurser/TDBA77/VT06/algorithms/BOOK/BOOK/NODE12.HTM}
}

@website{Husfeldt:5,
author = {Thore Husfeldt},
title = {Halting Problem},
year = {2016},
publisher = {Brilliant.org},
url       = {https://brilliant.org/wiki/halting-problem/}
}

